
@inproceedings{hasenfratz2003survey,
  title={A Survey of Real-time Soft Shadows Algorithms},
  author={Hasenfratz, J-M and Lapierre, Marc and Holzschuch, Nicolas and Sillion, Fran{\c{c}}ois and GRAVIR, Artis and others},
  booktitle={Computer Graphics Forum},
  volume={22},
  number={4},
  pages={753--774},
  year={2003},
  organization={Wiley Online Library}
}

@inproceedings{wanggearsalgorithm,
  title={GEARS: A General and Efficient Algorithm for Rendering Shadows},
  author={Lili Wang, Shiheng Zhou,WeiKe and Voicu Popescu},
  booktitle={Computer Graphics Forum},
  volume={33},
  number={6},
  pages={264--275},
  year={2014},
  organization={Wiley Online Library}
}

@inproceedings{shadowvolumesurvey,
  title={A Survey of Shadow Volume Algorithms in Computer Graphics},
  author={Hoshang Kolivand and Mohd Shahrizal Sunar},
  booktitle={IETE Technical Review},
  volume={30},
  number={1},
  year={2013},
  organization={Medknow Publications \& Media Pvt. Ltd}
}

@inproceedings{shadowvolumeimprovement,
  title={An Improved Physically-Based Soft Shadow Volume Algorithm},
  author={Jaakko Lehtinen, Samuli Laine, Timo Aila},
  booktitle={Eurographics},
  volume={25},
  number={3},
  year={2006},
  organization={The Eurographics Association and Blackwell Publishing}
}

@inproceedings{dynamicshadowsalgorithms,
  title={Algorithms for Dynamic Shadows},
  author={Sergei Savchenko},
  booktitle={Dr Dobb's Journal},
  volume={30},
  number={2},
  pages={50},
  year={2005},
  organization={ProQuest Central}
}


@inproceedings{surveyofshadowalgorithms,
  title={A Survey of Shadow Algorithms},
  author={Andrew Woo, Pierre Poulin, Alain Fournier},
  booktitle={IEEE Computer Graphics and Applications},
  volume = {10},
  pages = {13--32},
  year={1990}
}

@inproceedings{scherzer2011survey,
  title={A Survey of Real-Time Hard Shadow Mapping Methods},
  author={Scherzer, Daniel and Wimmer, Michael and Purgathofer, Werner},
  booktitle={Computer Graphics Forum},
  volume={30},
  number={1},
  pages={169--186},
  year={2011},
  organization={Wiley Online Library}
}


@inproceedings{shadowalgorithmsdataminer,
  title={Shadow Algorithms Data Miner},
  author={Andrew Woo, Pierre Poulin},
  year={2012},
  organization={A K Peters/CRC Press}
}
